<record xmlns="http://www.loc.gov/MARC21/slim" xmlns:xsi="http://www.w3.org/2001/XMLSchema-instance" xsi:schemaLocation="http://www.loc.gov/MARC21/slim http://www.loc.gov/standards/marcxml/schema/MARC21slim.xsd"><leader>00037nz   2200037n  4500</leader><controlfield tag="001">DNB|10251996X</controlfield><controlfield tag="003">DNB</controlfield><controlfield tag="005">20061123231237.0</controlfield><controlfield tag="008">940811|||az|nnaa|||||||||||| a|aaa|||| d</controlfield><datafield ind1="7" ind2=" " tag="016"><subfield code="a">10251996X</subfield><subfield code="2">GyFmDB</subfield></datafield><datafield ind1=" " ind2=" " tag="040"><subfield code="a">0012</subfield><subfield code="b">ger</subfield><subfield code="d">9999</subfield><subfield code="f">RAK-PND</subfield></datafield><datafield ind1="0" ind2=" " tag="100"><subfield code="a">Johannes,</subfield><subfield code="c">Barbucallus</subfield><subfield code="d">um 550</subfield></datafield><datafield ind1="1" ind2=" " tag="400"><subfield code="a">Barbucallus, Johannes</subfield><subfield code="d">um 550</subfield></datafield><datafield ind1="0" ind2=" " tag="400"><subfield code="a">Johannes,</subfield><subfield code="c">Berytensis</subfield><subfield code="d">um 550</subfield></datafield><datafield ind1="0" ind2=" " tag="400"><subfield code="a">Johannes,</subfield><subfield code="c">Barbucalus</subfield><subfield code="d">um 550</subfield></datafield><datafield ind1="0" ind2=" " tag="400"><subfield code="a">Johannes,</subfield><subfield code="c">Grammaticus</subfield><subfield code="d">um 550</subfield></datafield><datafield ind1="0" ind2=" " tag="400"><subfield code="a">Johannes,</subfield><subfield code="c">Caesariensis</subfield><subfield code="d">um 550</subfield></datafield><datafield ind1="0" ind2=" " tag="400"><subfield code="a">Jean,</subfield><subfield code="c">Barbucallus</subfield><subfield code="d">um 550</subfield></datafield><datafield ind1="1" ind2=" " tag="400"><subfield code="a">Barbucalus, Johannes</subfield><subfield code="d">um 550</subfield></datafield><datafield ind1="1" ind2=" " tag="400"><subfield code="a">Barbucallus, Jean</subfield><subfield code="d">um 550</subfield></datafield></record>